<record xmlns="http://www.loc.gov/MARC21/slim" xmlns:xsi="http://www.w3.org/2001/XMLSchema-instance" xsi:schemaLocation="http://www.loc.gov/MARC21/slim http://www.loc.gov/standards/marcxml/schema/MARC21slim.xsd"><leader>00698cz   2200205n  4500</leader><controlfield tag="001">oca00858608 </controlfield><controlfield tag="005">20011211071836.0</controlfield><controlfield tag="008">830427n| acannaabn          |a aaa      </controlfield><datafield ind1=" " ind2=" " tag="010"><subfield code="a">n  82162698 </subfield></datafield><datafield ind1=" " ind2=" " tag="040"><subfield code="a">DLC</subfield><subfield code="b">eng</subfield><subfield code="c">DLC</subfield><subfield code="d">INS-SF</subfield><subfield code="d">OCoLC</subfield></datafield><datafield ind1=" " ind2="0" tag="053"><subfield code="a">PA4244.M4</subfield></datafield><datafield ind1="0" ind2=" " tag="100"><subfield code="a">Meleager</subfield></datafield><datafield ind1="0" ind2=" " tag="400"><subfield code="a">Meleager,</subfield><subfield code="c">of Gadara</subfield><subfield code="w">nna</subfield></datafield><datafield ind1="0" ind2=" " tag="400"><subfield code="a">Meleagros</subfield></datafield><datafield ind1="0" ind2=" " tag="400"><subfield code="a">Moirous</subfield></datafield><datafield ind1=" " ind2=" " tag="670"><subfield code="a">Trifles, imitatives of the chaster style of Meleager ... 1818.</subfield></datafield><datafield ind1=" " ind2=" " tag="670"><subfield code="a">Encycl. Brit.</subfield><subfield code="b">(Meleager from Gadara, 1st cent. B.C.)</subfield></datafield><datafield ind1=" " ind2=" " tag="670"><subfield code="a">Oxford class. dict.</subfield><subfield code="b">(Meleager, poet and philosopher)</subfield></datafield><datafield ind1=" " ind2=" " tag="670"><subfield code="a">Papyros-Larous.</subfield><subfield code="b">(Meleagros, philosophos ek GadaroÌ&#x84;n)</subfield></datafield><datafield ind1=" " ind2=" " tag="670"><subfield code="a">Moevs, R. Epigram, c1982:</subfield><subfield code="b">p. 2 (Moirous)</subfield></datafield></record>